<record><leader>00000cas a2200000 a 4500</leader><controlfield tag="001">9186825</controlfield><controlfield tag="008">830203d18771917dcuwr ne      0   a0eng  </controlfield><datafield ind1=" " ind2=" " tag="010"><subfield code="a">sn 82016187 </subfield><subfield code="z">sn 84037016 </subfield></datafield><datafield ind1=" " ind2=" " tag="040"><subfield code="a">DLC</subfield><subfield code="b">eng</subfield><subfield code="c">DLC</subfield><subfield code="d">NPY</subfield><subfield code="d">DLC</subfield><subfield code="d">NPA</subfield><subfield code="d">DLC</subfield><subfield code="d">OCL</subfield><subfield code="d">NSD</subfield><subfield code="d">DLC</subfield><subfield code="d">NYS</subfield><subfield code="d">NPH</subfield><subfield code="d">YOX</subfield><subfield code="d">MFN</subfield><subfield code="d">KNP</subfield><subfield code="d">MGN</subfield><subfield code="d">CNK</subfield><subfield code="d">FUG</subfield><subfield code="d">NVF</subfield><subfield code="d">DLC</subfield><subfield code="d">NVF</subfield><subfield code="d">DLC</subfield><subfield code="d">KRTAS</subfield><subfield code="d">OCLCQ</subfield><subfield code="d">DLC</subfield><subfield code="d">OCLCQ</subfield><subfield code="d">OCLCO</subfield><subfield code="d">OCLCF</subfield></datafield><datafield ind1=" " ind2=" " tag="012"><subfield code="b">3</subfield></datafield><datafield ind1=" " ind2=" " tag="019"><subfield code="a">1759440</subfield></datafield><datafield ind1="1" ind2=" " tag="022"><subfield code="a">2151-3937</subfield><subfield code="l">2151-3937</subfield><subfield code="2">1</subfield></datafield><datafield ind1="1" ind2=" " tag="029"><subfield code="a">AU@</subfield><subfield code="b">000020343599</subfield></datafield><datafield ind1=" " ind2=" " tag="042"><subfield code="a">pcc</subfield><subfield code="a">nsdp</subfield></datafield><datafield ind1=" " ind2=" " tag="043"><subfield code="a">n-us-dc</subfield></datafield><datafield ind1="0" ind2="0" tag="050"><subfield code="a">Newspaper</subfield></datafield><datafield ind1="0" ind2=" " tag="130"><subfield code="a">National tribune.</subfield></datafield><datafield ind1=" " ind2="4" tag="222"><subfield code="a">The National tribune</subfield><subfield code="b">(Washington, D.C.)</subfield></datafield><datafield ind1="1" ind2="4" tag="245"><subfield code="a">The National tribune.</subfield></datafield><datafield ind1="1" ind2="3" tag="246"><subfield code="a">United States national tribune</subfield></datafield><datafield ind1=" " ind2=" " tag="260"><subfield code="a">Washington, D.C. :</subfield><subfield code="b">G.E. Lemon &amp; Co.,</subfield><subfield code="c">1877-1917.</subfield></datafield><datafield ind1=" " ind2=" " tag="300"><subfield code="a">v.</subfield></datafield><datafield ind1=" " ind2=" " tag="310"><subfield code="a">Weekly,</subfield><subfield code="b">Aug. 20, 1881-July 12, 1917</subfield></datafield><datafield ind1=" " ind2=" " tag="321"><subfield code="a">Monthly,</subfield><subfield code="b">Oct. 1877-June 1881</subfield></datafield><datafield ind1="0" ind2=" " tag="362"><subfield code="a">Vol. 1, no. 1 (Oct. 1877)-v. 36, no. 28 (July 12, 1917).</subfield></datafield><datafield ind1=" " ind2=" " tag="500"><subfield code="a">Beginning with v. 2, no. 3, imprint varies: Washington, D.C. : National Tribune Company.</subfield></datafield><datafield ind1=" " ind2=" " tag="515"><subfield code="a">Suspended July-Aug. 19, 1881?</subfield></datafield><datafield ind1=" " ind2=" " tag="515"><subfield code="a">Began New ser., v. 1, no. 1 (Aug. 20, 1881).</subfield></datafield><datafield ind1=" " ind2=" " tag="515"><subfield code="a">Issues for Aug. 12, 1882-July 12, 1917 called also whole no. 53-whole no. 1870.</subfield></datafield><datafield ind1=" " ind2=" " tag="525"><subfield code="a">Supplements accompany some issues.</subfield></datafield><datafield ind1=" " ind2=" " tag="530"><subfield code="a">Also issued on microfilm from the Library of Congress Photoduplication Service.</subfield></datafield><datafield ind1=" " ind2=" " tag="530"><subfield code="a">Archived issues are available in digital format as part of the Library of Congress Chronicling America online collection.</subfield></datafield><datafield ind1=" " ind2="0" tag="651"><subfield code="a">Washington (D.C.)</subfield><subfield code="v">Newspapers.</subfield></datafield><datafield ind1=" " ind2="7" tag="655"><subfield code="a">Newspapers.</subfield><subfield code="2">fast</subfield><subfield code="0">(OCoLC)fst01423814</subfield></datafield><datafield ind1=" " ind2="7" tag="651"><subfield code="a">Washington (D.C.)</subfield><subfield code="2">fast</subfield><subfield code="0">(OCoLC)fst01204505</subfield></datafield><datafield ind1=" " ind2=" " tag="752"><subfield code="a">United States</subfield><subfield code="b">District of Columbia</subfield><subfield code="d">Washington.</subfield></datafield><datafield ind1="1" ind2=" " tag="776"><subfield code="c">(Microfilm)</subfield><subfield code="w">(DLC)   00229143</subfield><subfield code="w">(OCoLC)10803963</subfield></datafield><datafield ind1="1" ind2=" " tag="776"><subfield code="t">National tribune (Washington, D.C. : Online)</subfield><subfield code="x">2169-5903</subfield><subfield code="w">(DLC)  2012203873</subfield><subfield code="w">(OCoLC)701514289</subfield></datafield><datafield ind1="0" ind2="7" tag="785"><subfield code="t">National guardsman and American standard</subfield></datafield><datafield ind1="0" ind2="7" tag="785"><subfield code="t">National tribune, incorporating the national guardsman and the American standard</subfield><subfield code="w">(DLC)sn 87062382</subfield><subfield code="w">(OCoLC)16794466</subfield></datafield><datafield ind1="4" ind2="1" tag="856"><subfield code="u">http://www.loc.gov/chroniclingamerica/lccn/sn82016187/issues</subfield></datafield><datafield ind1=" " ind2=" " tag="938"><subfield code="a">Kirtas Technologies, Inc.</subfield><subfield code="b">KRTS</subfield><subfield code="n">736158</subfield></datafield></record>